<?xml version="1.0" encoding="UTF-8"?><record xmlns="http://www.loc.gov/MARC21/slim" xmlns:cinclude="http://apache.org/cocoon/include/1.0" xmlns:zs="http://www.loc.gov/zing/srw/">
  <leader>00556nz  a2200133n  4500</leader>
  <controlfield tag="001">no2008063766</controlfield>
  <controlfield tag="003">DLC</controlfield>
  <controlfield tag="005">20080430080551.0</controlfield>
  <controlfield tag="008">080403n| acannaabn          |n aaa     c</controlfield>
  <datafield tag="010" ind1=" " ind2=" ">
    <subfield code="a">no2008063766</subfield>
  </datafield>
  <datafield tag="035" ind1=" " ind2=" ">
    <subfield code="a">(OCoLC)oca07747701</subfield>
  </datafield>
  <datafield tag="040" ind1=" " ind2=" ">
    <subfield code="a">NN</subfield>
    <subfield code="b">eng</subfield>
    <subfield code="c">NN</subfield>
  </datafield>
  <datafield tag="100" ind1="1" ind2=" ">
    <subfield code="a">Stamatiou, Constance</subfield>
  </datafield>
  <datafield tag="670" ind1=" " ind2=" ">
    <subfield code="a">Alvin Ailey American Dance Theater [VR] c2008:</subfield>
    <subfield code="b">credits &amp; accomp. house program (Constance Stamatiou; dancer; b. in Charlotte N.C.; graduated from Northwest School of the Arts; formerly performed with Ailey II; joined Alvin Ailey American Dance Theater in 2007)</subfield>
  </datafield>
</record>